01REMESSA01COBRANCA       00000000000004744081DISCOVERY DISTRIBUIDORA DE SOL237Bradesco       240117        MX0000295                                                                                                                                                                                                                                                                                     000001
1                   00090664400343188                     79602372020000000007960200000000002            2  01      796025011700000000180000000000001N010217000000000000000062501170000000000000000000000000000000000000000200870507000104SILVEIRA & BARBOSA LTDA ME              RUA DOUTOR MARIO NEGOCIO,186                       059600080                                                            000002
1                   00090664400343188                     79612372020000000007961000000000002            2  01      796125011700000000180000000000001N010217000000000000000062501170000000000000000000000000000000000000000201350687000158AKAHANGA COMERCIO LTDA ME               RUA FELIPE CAMARAO,1607                            059607340                                                            000003
1                   00090664400343188                     79622372020000000007962900000000002            2  01      796225011700000000210000000000001N010217000000000000000072501170000000000000000000000000000000000000000203349655000168PRISMA CONFECCOES LTDA ME               PRACA RODOLFO FERNANDES,168                        059600220                                                            000004
1                   00090664400343188                     79632372020000000007963700000000002            2  01      796325011700000000210000000000001N010217000000000000000072501170000000000000000000000000000000000000000204479964000115COMERCIAL DE MODAS PRISMA LTDA          PRACA RODOLFO FERNANDES,168                        059600220                                                            000005
1                   00090664400343188                     79642372020000000007964500000000002            2  01      796425011700000000180000000000001N010217000000000000000062501170000000000000000000000000000000000000000205582087000176MARIA JACILENE DA SILVA ME              RUA ANTONIO FILGUEIRA,40                           059629090                                                            000006
1                   00090664400343188                     79652372020000000007965300000000002            2  01      796525011700000000210000000000001N010217000000000000000072501170000000000000000000000000000000000000000206152074000120SUELY GOMES DE MEDEIROS ME              RUA DOM ELDER CAMARA,100                           059605450                                                            000007
1                   00090664400343188                     79662372020000000007966100000000002            2  01      796625011700000000155000000000001N010217000000000000000052501170000000000000000000000000000000000000000207016933000116T E T EMPREENDIMENTOS LTDA              RUA CHICO LINHARES,50                              059631150                                                            000008
1                   00090664400343188                     79672372020000000007967P00000000002            2  01      796725011700000000155000000000001N010217000000000000000052501170000000000000000000000000000000000000000207016933000205T E T EMPREENDIMENTOS LTDA EPP          AV ALBERTO MARANHAO,1611                           059600195                                                            000009
1                   00090664400343188                     79682372020000000007968800000000002            2  01      796825011700000000210000000000001N010217000000000000000072501170000000000000000000000000000000000000000208051007000144ILAP CALCADOS E ACESSORIOS LTDA-ME      RUA CORONEL GURGEL,168                             059600200                                                            000010
1                   00090664400343188                     79692372020000000007969600000000002            2  01      796925011700000000210000000000001N010217000000000000000072501170000000000000000000000000000000000000000208099111000451CASA JUNIOR ELETROMOVEIS LTDA - EPP     R MACHADO AGUIAR,44                                059655000                                                            000011
1                   00090664400343188                     79702372020000000007970P00000000002            2  01      797025011700000000215000000000001N010217000000000000000072501170000000000000000000000000000000000000000208201226000162WILLY VARELA DA ROCHA - ME              AVENIDA ALBERTO MARANHAO,948                       059600005                                                            000012
1                   00090664400343188                     79712372020000000007971800000000002            2  01      797125011700000000150000000000001N010217000000000000000052501170000000000000000000000000000000000000000208226417000260BIS MOTO E ACESSORIOS LTDA ME           AV RIO BRANCO,872                                  059600145                                                            000013
1                   00090664400343188                     79722372020000000007972600000000002            2  01      797225011700000000150000000000001N010217000000000000000052501170000000000000000000000000000000000000000208248445000105R OLIMPO DE MENDES - EPP                PRACA RODOLFO FERNANDES,113                        059600220                                                            000014
1                   00090664400343188                     79732372020000000007973400000000002            2  01      797325011700000000155000000000001N010217000000000000000052501170000000000000000000000000000000000000000208248965000100LUCAS PIRES PRODUTOS QUIMICOS LTDA EPP  RUA PEDRO VELHO,151                                059611010                                                            000015
1                   00090664400343188                     79742372020000000007974200000000002            2  01      797425011700000000215000000000001N010217000000000000000072501170000000000000000000000000000000000000000208764315000117A M DA SILVA COMBUSTIVEIS EPP           AVENIDA CUNHA DA MOTA,177                          059600160                                                            000016
1                   00090664400343188                     79752372020000000007975000000000002            2  01      797525011700000000180000000000001N010217000000000000000062501170000000000000000000000000000000000000000208946330000186FRANCISCO SUELDO PINHEIRO FILHO ME      RUA CORONEL GURGEL,23                              059600200                                                            000017
1                   00090664400343188                     79762372020000000007976900000000002            2  01      797625011700000000180000000000001N010217000000000000000062501170000000000000000000000000000000000000000210238219000187D F DE QUEIROZ - ME                     RUA LUCAS EVANGELISTA DE MORAIS,700                059612085                                                            000018
1                   00090664400343188                     79772372020000000007977700000000002            2  01      797725011700000000150000000000001N010217000000000000000052501170000000000000000000000000000000000000000210368532000130CRIATIVA DESIGN COMERCIO LTDA           AV RIO BRANCO,1952                                 059600145                                                            000019
1                   00090664400343188                     79782372020000000007978500000000002            2  01      797825011700000000180000000000001N010217000000000000000062501170000000000000000000000000000000000000000210706521000112ANTONIO SIZIMAR DE FREITAS              RUA FREI MIGUELINHO,S/N                            059603350                                                            000020
1                   00090664400343188                     79792372020000000007979300000000002            2  01      797925011700000000149900000000001N010217000000000000000052501170000000000000000000000000000000000000000210989248000261TEBE EMPREENDIMENTOS TURISTICOS LTDA - MAV BAIA DOS GOLFINHOS,530                          059178000                                                            000021
1                   00090664400343188                     79802372020000000007980700000000002            2  01      798025011700000000180000000000001N010217000000000000000062501170000000000000000000000000000000000000000211093953000168J B T DE MOURA - ME                     ROD.RN 078,S/N                                     059770000                                                            000022
1                   00090664400343188                     79812372020000000007981500000000002            2  01      798125011700000000150000000000001N010217000000000000000052501170000000000000000000000000000000000000000213218216000170FERNANDES & LEITE COMERCIO E SERVICOS LTRUA LOPES TROVAO,250                               059605260                                                            000023
1                   00090664400343188                     79822372020000000007982300000000002            2  01      798225011700000000150000000000001N010217000000000000000052501170000000000000000000000000000000000000000213477022000199EMPREENDIMENTOS RIO GRANDE LTDA - EPP   R DONA ISAURA ROSADO ,109                          059600000                                                            000024
1                   00090664400343188                     79832372020000000007983100000000002            2  01      798325011700000000180000000000001N010217000000000000000062501170000000000000000000000000000000000000000214042194000100RONIERE MACIEL MOREIRA - ME             RUA CORONEL GURGEL,557                             059600200                                                            000025
1                   00090664400343188                     79842372020000000007984P00000000002            2  01      798425011700000000180000000000001N010217000000000000000062501170000000000000000000000000000000000000000214529157000113P V L SANTOS                            AVENIDA CUNHA DA MOTA,868                          059600160                                                            000026
1                   00090664400343188                     79852372020000000007985800000000002            2  01      798525011700000000125000000000001N010217000000000000000042501170000000000000000000000000000000000000000217250380000115G. GOMES ALVES - COMERCIAL OPTICO - ME  RUA SANTOS DUMONT,171                              059600170                                                            000027
1                   00090664400343188                     79862372020000000007986600000000002            2  01      798625011700000000125000000000001N010217000000000000000042501170000000000000000000000000000000000000000217250380000204G. GOMES ALVES - COMERCIAL OPTICO - ME  RUA SANTOS DUMONT,86                               059600170                                                            000028
1                   00090664400343188                     79872372020000000007987400000000002            2  01      798725011700000000125000000000001N010217000000000000000042501170000000000000000000000000000000000000000217250380000387G. GOMES ALVES - COMERCIAL OPTICO - ME  RUA BEZERRA MENDES,53                              059600090                                                            000029
1                   00090664400343188                     79882372020000000007988200000000002            2  01      798825011700000000125000000000001N010217000000000000000042501170000000000000000000000000000000000000000217250380000468G. GOMES ALVES - COMERCIAL OPTICO - ME  RUA CORONEL GURGEL,297                             059600200                                                            000030
1                   00090664400343188                     79892372020000000007989000000000002            2  01      798925011700000000180000000000001N010217000000000000000062501170000000000000000000000000000000000000000217481322000100NC COMERCIO DE MATERIAIS ELETRICOS LTDA R CORONEL GURGEL,635                               059600322                                                            000031
1                   00090664400343188                     79902372020000000007990400000000002            2  01      799025011700000000140000000000001N010217000000000000000052501170000000000000000000000000000000000000000217655310000147MARIA DAS GRACAS MARCELINO DE ARAUJO BEZRUA BELA VISTA,940                                 059072710                                                            000032
1                   00090664400343188                     79912372020000000007991200000000002            2  01      799125011700000000150000000000001N010217000000000000000052501170000000000000000000000000000000000000000218463282000129S R M DA SILVA SANTOS                   RUA ALFREDO FERNANDES,259                          059600180                                                            000033
1                   00090664400343188                     79922372020000000007992000000000002            2  01      799225011700000000210000000000001N010217000000000000000072501170000000000000000000000000000000000000000218684386000163ADRIANA DE SOUZA ROCHA                  PC BENTO PRAXEDES ,46                              059600182                                                            000034
1                   00090664400343188                     79932372020000000007993900000000002            2  01      799325011700000000180000000000001N010217000000000000000062501170000000000000000000000000000000000000000219878837000166G & C OTICO LTDA COMERCIO ME            RUA DOUTOR FRANCISCO RAMALHO,125                   059600240                                                            000035
1                   00090664400343188                     79942372020000000007994700000000002            2  01      799425011700000000210000000000001N010217000000000000000072501170000000000000000000000000000000000000000221338486000142NOGUEIRA E BESSA ACESSORIO LTDA         AVENIDA AUGUSTO SEVERO,255                         059600150                                                            000036
1                   00090664400343188                     79952372020000000007995500000000002            2  01      799525011700000000180000000000001N010217000000000000000062501170000000000000000000000000000000000000000222506386000140M M DERIVADOS DE PETROLEO LTDA          RUA DR SEBASTIAO MALTEZ,S/N                        059780000                                                            000037
1                   00090664400343188                     79962372020000000007996300000000002            2  01      799625011700000000215000000000001N010217000000000000000072501170000000000000000000000000000000000000000223469123000171SAN LORENZO COMERCIO DE MODAS LTDA      RUA JOAO DA ESCOSSIA,1515                          059607330                                                            000038
1                   00090664400343188                     79972372020000000007997100000000002            2  01      799725011700000000210000000000001N010217000000000000000072501170000000000000000000000000000000000000000224535577000166FUTURA LIVRARIA E PAPELARIA LTDA - ME   R DR ANTONIO DE SOUZA,52                           059619218                                                            000039
1                   00090664400343188                     79982372020000000007998P00000000002            2  01      799825011700000000180000000000001N010217000000000000000062501170000000000000000000000000000000000000000224724634000155MOURA & CAMPOS LTDA                     AV SENADOR JOAO CAMARA,178                         059650000                                                            000040
1                   00090664400343188                     79992372020000000007999800000000002            2  01      799925011700000000150000000000001N010217000000000000000052501170000000000000000000000000000000000000000225053334000154MARIA DARLETE N GONCALVES               RUA BEZERRA MENDES,143                             059600090                                                            000041
1                   00090664400343188                     80002372020000000008000700000000002            2  01      800025011700000000210000000000001N010217000000000000000072501170000000000000000000000000000000000000000235643808000171FRANCISCO RODRIGUES REBOUCAS - ME       RUA FELIPE CAMARAO,163                             059603340                                                            000042
1                   00090664400343188                     80012372020000000008001500000000002            2  01      800125011700000000150000000000001N010217000000000000000052501170000000000000000000000000000000000000000240759219000193AUREA MARIA F DE OLIVEIRA ME            RUA FELIPE CAMARAO,1476                            059607340                                                            000043
1                   00090664400343188                     80022372020000000008002300000000002            2  01      800225011700000000210000000000001N010217000000000000000072501170000000000000000000000000000000000000000240769648000303MARIA LUCINEIDE DIAS DE OLIVEIRA NOGUEIRPRACA RODOLFO FERNANDES,168                        059600220                                                            000044
1                   00090664400343188                     80032372020000000008003100000000002            2  01      800325011700000000180000000000001N010217000000000000000062501170000000000000000000000000000000000000000240787475000194UNIVERSO DA CRIANCA COM DE MODA INFANTILAVENIDA DIOCESANA,281                              059603200                                                            000045
1                   00090664400343188                     80042372020000000008004P00000000002            2  01      800425011700000000160000000000001N010217000000000000000052501170000000000000000000000000000000000000000240787962000157LIVRARIA EVANGELICA FONTE DE LUZ LTDA - RUA MEIRA E SA,143                                 059610120                                                            000046
1                   00090664400343188                     80052372020000000008005800000000002            2  01      800525011700000000150000000000001N010217000000000000000052501170000000000000000000000000000000000000000240805459000187FRANCISCO DE ASSIS MEDEIROS DE MELO - MERUA BEZERRA MENDES,45                              059600090                                                            000047
1                   00090664400343188                     80062372020000000008006600000000002            2  01      800625011700000000180000000000001N010217000000000000000062501170000000000000000000000000000000000000000270044581000491ESTACAO ODONTO MEDICO LTDA - ME         AVENIDA PRESIDENTE DUTRA,460                       059625000                                                            000048
1                   00090664400343188                     80072372020000000008007400000000002            2  01      800725011700000000180000000000001N010217000000000000000062501170000000000000000000000000000000000000000270047428000256MARIA DOS NAVEGANTES DE LIMA - EPP      RUA MARTINS FERREIRA,126                           059500000                                                            000049
1                   00090664400343188                     80082372020000000008008200000000002            2  01      800825011700000000180000000000001N010217000000000000000062501170000000000000000000000000000000000000000270047428000337MARIA DOS NAVEGANTES DE LIMA            RUA MONSENHOR JOSE TIBURCIO,30                     059598000                                                            000050
9                                                                                                                                                                                                                                                                                                                                                                                                         000051
